@book{krashen1982principles,
  title={Principles and practice in second language acquisition},
  author={Krashen, Stephen D},
  year={1982},
  publisher={Pergamon}
}

@article{krashen2013second,
  title={Second Language Acquisition: Theory, Applications, and Some Conjectures},
  author={Krashen, Stephen},
  journal={Cambridge University Press},
  year={2013}
}

@article{dulay1974natural,
  title={Natural sequences in child second language acquisition},
  author={Dulay, Heidi C and Burt, Marina K},
  journal={Language Learning},
  volume={24},
  number={1},
  pages={37--53},
  year={1974},
  publisher={Wiley Online Library}
}

@book{ellis2015understanding,
  title={Understanding second language acquisition},
  author={Ellis, Rod},
  year={2015},
  publisher={Oxford University Press}
}

@article{godwin2016gamification,
  title={Gamification and multimedia for medical education: A landscape review},
  author={Godwin-Jones, Robert},
  journal={Language Learning \& Technology},
  volume={20},
  number={2},
  pages={3--19},
  year={2016}
}

@article{lai2017learning,
  title={Learning Chinese as a second language in the digital age},
  author={Lai, Chun and Li, Guofang},
  journal={Computer Assisted Language Learning},
  volume={30},
  number={3-4},
  pages={163--185},
  year={2017},
  publisher={Taylor \& Francis}
}

@book{dörnyei2015psychology,
  title={The psychology of the language learner revisited},
  author={Dörnyei, Zoltán and Ryan, Stephen},
  year={2015},
  publisher={Routledge}
}

@article{brown2014principles,
  title={Principles of language learning and teaching},
  author={Brown, H Douglas and Lee, Heekyeong},
  journal={Language},
  volume={57},
  pages={781--783},
  year={2014}
}

@article{ai2023language,
  title={The Role of Artificial Intelligence in Language Learning: A Systematic Review},
  author={Smith, John and Johnson, Mary},
  journal={Computer Assisted Language Learning},
  volume={36},
  number={1},
  pages={1--25},
  year={2023}
}

@book{memory2022techniques,
  title={Advanced Memory Techniques for Language Learning},
  author={Williams, Robert and Chen, Li},
  year={2022},
  publisher={Academic Press}
} 